@incollection{bridle1990probabilistic,
  title={Probabilistic interpretation of feedforward classification network outputs, with relationships to statistical pattern recognition},
  author={Bridle, John S},
  booktitle={Neurocomputing},
  pages={227--236},
  year={1990},
  publisher={Springer}
}

@article{hochreiter1997long,
  title={Long short-term memory},
  author={Hochreiter, Sepp and Schmidhuber, J{\"u}rgen},
  journal={Neural computation},
  volume={9},
  number={8},
  pages={1735--1780},
  year={1997},
  publisher={MIT Press}
}

@inproceedings{ioffe2015batch,
  title={Batch normalization: Accelerating deep network training by reducing internal covariate shift},
  author={Ioffe, Sergey and Szegedy, Christian},
  booktitle={International Conference on Machine Learning},
  pages={448--456},
  year={2015}
}
@inproceedings{zhou1988computation,
  title={Computation of optical flow using a neural network},
  author={Zhou, YT and Chellappa, R},
  booktitle={IEEE International Conference on Neural Networks},
  volume={1998},
  pages={71--78},
  year={1988}
}

@article{lecun1989generalization,
  title={Generalization and network design strategies},
  author={LeCun, Yann},
  journal={Connectionism in perspective},
  pages={143--155},
  year={1989},
  publisher={Zurich, Switzerland: Elsevier}
}

@article{srivastava2014dropout,
  title={Dropout: a simple way to prevent neural networks from overfitting.},
  author={Srivastava, Nitish and Hinton, Geoffrey E and Krizhevsky, Alex and Sutskever, Ilya and Salakhutdinov, Ruslan},
  journal={Journal of machine learning research},
  volume={15},
  number={1},
  pages={1929--1958},
  year={2014}
}

@article{larkum2013cellular,
  title={A cellular mechanism for cortical associations: an organizing principle for the cerebral cortex},
  author={Larkum, Matthew},
  journal={Trends in neurosciences},
  volume={36},
  number={3},
  pages={141--151},
  year={2013},
  publisher={Elsevier}
}

@inproceedings{nair2010rectified,
  title={Rectified linear units improve restricted boltzmann machines},
  author={Nair, Vinod and Hinton, Geoffrey E},
  booktitle={Proceedings of the 27th international conference on machine learning (ICML-10)},
  pages={807--814},
  year={2010}
}

@article{krizhevsky2014cifar,
  title={The CIFAR-10 dataset},
  author={Krizhevsky, Alex and Nair, Vinod and Hinton, Geoffrey},
  journal={online: http://www. cs. toronto. edu/kriz/cifar. html},
  year={2014}
}

@article{Faisal2008,
  year  = {2008},
  publisher = {Springer Nature},
  volume = {9},
  number = {4},
  pages = {292--303},
  author = {A. Aldo Faisal and Luc P. J. Selen and Daniel M. Wolpert},
  title = {Noise in the nervous system},
  journal = {Nature Reviews Neuroscience}
}

@article{lecun2010mnist,
  title={MNIST handwritten digit database},
  author={LeCun, Yann and Cortes, Corinna and Burges, Christopher JC},
  journal={AT\&T Labs [Online]. Available: http://yann. lecun. com/exdb/mnist},
  volume={2},
  year={2010}
}

@article{larkum2004,
  year  = {2004},
  publisher = {Oxford University Press ({OUP})},
  volume = {14},
  number = {10},
  pages = {1059--1070},
  author = {M. E. Larkum},
  title = {Top-down Dendritic Input Increases the Gain of Layer 5 Pyramidal Neurons},
  journal = {Cerebral Cortex}
}

@article{markram2004,
    year  = {2004},
  publisher = {Springer Nature},
  volume = {5},
  number = {10},
  pages = {793--807},
  author = {Henry Markram and Maria Toledo-Rodriguez and Yun Wang and Anirudh Gupta and Gilad Silberberg and Caizhi Wu},
  title = {Interneurons of the neocortical inhibitory system},
  journal = {Nature Reviews Neuroscience}
}

@article{goodhill2002,
  title={Cortical columns},
  author={Goodhill, Geoffrey J and Carreira-Perpi{\~n}{\'a}n, Miguel {\'A}},
  journal={Encyclopedia of cognitive science},
  year={2002},
  publisher={Wiley Online Library}
}

@article{defelipe1992,
  year  = {1992},
  publisher = {Elsevier {BV}},
  volume = {39},
  number = {6},
  pages = {563--607},
  author = {Javier DeFelipe and Isabel Fari{\~{n}}as},
  title = {The pyramidal neuron of the cerebral cortex: Morphological and chemical characteristics of the synaptic inputs},
  journal = {Progress in Neurobiology}
}

@article{shipp2007,
  year  = {2007},
  publisher = {Elsevier {BV}},
  volume = {17},
  number = {12},
  pages = {R443--R449},
  author = {Stewart Shipp},
  title = {Structure and function of the cerebral cortex},
  journal = {Current Biology}
}

@TechReport{mitchell80,
  author = 	 "T. M. Mitchell",
  title = 	 "The Need for Biases in Learning Generalizations",
  institution =  "Computer Science Department, Rutgers University",
  year = 	 "1980",
  address =	 "New Brunswick, MA",
}

@phdthesis{kearns89,
  author = {M. J. Kearns},
  title =  {Computational Complexity of Machine Learning},
  school = {Department of Computer Science, Harvard University},
  year =   {1989}
}

@Book{MachineLearningI,
  editor = 	 "R. S. Michalski and J. G. Carbonell and T.
		  M. Mitchell",
  title = 	 "Machine Learning: An Artificial Intelligence
		  Approach, Vol. I",
  publisher = 	 "Tioga",
  year = 	 "1983",
  address =	 "Palo Alto, CA"
}

@Book{DudaHart2nd,
  author =       "R. O. Duda and P. E. Hart and D. G. Stork",
  title =        "Pattern Classification",
  publisher =    "John Wiley and Sons",
  edition =      "2nd",
  year =         "2000"
}

@misc{anonymous,
  title= {Suppressed for Anonymity},
  author= {Author, N. N.},
  year= {2011},
}

@InCollection{Newell81,
  author =       "A. Newell and P. S. Rosenbloom",
  title =        "Mechanisms of Skill Acquisition and the Law of
                  Practice", 
  booktitle =    "Cognitive Skills and Their Acquisition",
  pages =        "1--51",
  publisher =    "Lawrence Erlbaum Associates, Inc.",
  year =         "1981",
  editor =       "J. R. Anderson",
  chapter =      "1",
  address =      "Hillsdale, NJ"
}


@Article{Samuel59,
  author = 	 "A. L. Samuel",
  title = 	 "Some Studies in Machine Learning Using the Game of
		  Checkers",
  journal =	 "IBM Journal of Research and Development",
  year =	 "1959",
  volume =	 "3",
  number =	 "3",
  pages =	 "211--229"
}